<?xml version="1.0" encoding="UTF-8"?><collection xmlns="http://www.loc.gov/MARC21/slim"><record><leader>00344nam--2200133-i-4500</leader><controlfield tag="001">000003914</controlfield><controlfield tag="002">20161230</controlfield><controlfield tag="005">20161230201025</controlfield><controlfield tag="008">060222s1000------------r-----000-0-eng-d</controlfield><datafield ind1=" " ind2=" " tag="080"><subfield code="a">66.02</subfield></datafield><datafield ind1=" " ind2=" " tag="100"><subfield code="a">Casatchin, A.G</subfield></datafield><datafield ind1=" " ind2=" " tag="245"><subfield code="a">Procese si aparate principale in tehnologia ch imica</subfield></datafield><datafield ind1=" " ind2=" " tag="260"><subfield code="a">Bucuresti, Ed.Tehnica, 1950. 840 P</subfield></datafield><datafield ind1=" " ind2=" " tag="852"><subfield code="a">26779</subfield></datafield></record></collection>